%% This BibTeX bibliography file was created using BibDesk.
%% https://bibdesk.sourceforge.io/

%% Created for Paloma Marin Arraiza at 2019-11-02 16:45:34 +0100 


%% Saved with string encoding Unicode (UTF-8) 



@article{ara10,
	Author = {Ara{\'u}jo, C. A. {\'A}.},
	Date-Added = {2019-10-31 17:56:21 +0100},
	Date-Modified = {2019-10-31 17:57:27 +0100},
	Journal = {Informa{\c c}{\~a}o e Sociedade},
	Number = {3},
	Pages = {95-105},
	Title = {O conceito de informa{\c c}{\~a}o na ci{\^e}ncia da informa{\c c}{\~a}o},
	Volume = {20},
	Year = {2010}}

@article{capu,
	Author = {Capurro, R. and Hjorland, B.},
	Date-Added = {2019-10-31 17:50:24 +0100},
	Date-Modified = {2019-10-31 17:55:30 +0100},
	Journal = {Annual Review of Information Science and Technology},
	Number = {8},
	Pages = {343-411},
	Title = {The concept of information},
	Volume = {37},
	Year = {2003}}

@book{gon,
	Author = {Gonzalez, M.E.Q. and Nascimento, T.C.A. and Haselager, W.F.G},
	Date-Added = {2019-10-31 17:50:15 +0100},
	Date-Modified = {2019-10-31 18:23:00 +0100},
	Publisher = {S{\~a}o Paulo: Cole{\c c}{\~a}o Estudos Cognitivos},
	Title = {Informa{\c c}{\~a}o e conhecimento: notas para uma taxonomia da informa{\c c}{\~a}o},
	Year = {2014}}

@book{dre,
	Author = {Dretske, F.I.},
	Date-Added = {2019-10-31 17:42:31 +0100},
	Date-Modified = {2019-10-31 17:43:30 +0100},
	Publisher = {Crambridge Mass: MIT},
	Title = {Knowledge and the flow of information.},
	Year = {1981}}

@article{bar,
	Author = {Bar-Hillel, Y.},
	Date-Added = {2019-10-31 17:41:21 +0100},
	Date-Modified = {2019-10-31 17:42:09 +0100},
	Journal = {Synthese},
	Number = {1},
	Pages = {299-305},
	Title = {Information and content: A semantic analysis},
	Volume = {9},
	Year = {1955}}

@article{berr,
	Author = {Berr{\'\i}o-Zapata, C.},
	Date-Added = {2019-10-31 17:28:53 +0100},
	Date-Modified = {2019-10-31 17:29:36 +0100},
	Journal = {Revista Interamericana de Bibliotecolog{\'\i}a},
	Number = {1},
	Pages = {39-53},
	Title = {Entre la alfabetizaci{\'o}n informacional y la brecha digital: reflexiones para una reconceptualizaci{\'o}n de los fen{\^o}menos de exclusi{\'o}n digital},
	Volume = {35},
	Year = {2012}}

@article{sok,
	Author = {Sokol, N. and N.Linares-Columbi{\'e}, R.},
	Date-Added = {2019-10-31 17:25:53 +0100},
	Date-Modified = {2019-10-31 17:28:37 +0100},
	Journal = {Acimed},
	Number = {5},
	Title = {Inserci{\'o}n de los m{\'e}todos matem{\'a}ticos en el estudio del concepto de informaci{\'o}n.},
	Volume = {14},
	Year = {2006}}

@article{ara,
	Author = {Ara{\'u}jo, C. A. {\'A}.},
	Date-Added = {2019-10-31 17:23:47 +0100},
	Date-Modified = {2019-11-02 16:45:32 +0100},
	Journal = {Perspectivas em Gest{\~a}o e Conhecimento,},
	Number = {57-79},
	Read = {1},
	Title = {Fundamentos da ci{\^e}ncia da informa{\c c}{\~a}o: Correntes te{\'o}ricas e o conceito de informa{\c c}{\~a}o.},
	Volume = {1},
	Year = {4}}

@article{fer,
	Author = {Fern{\'a}ndez-Molina, J.C.},
	Date-Added = {2019-10-31 17:21:53 +0100},
	Date-Modified = {2019-10-31 17:23:33 +0100},
	Journal = {Revista Espa{\~n}ola de Documentaci{\'o}n Cient{\'\i}fica,},
	Number = {3},
	Pages = {320-331},
	Read = {1},
	Title = {Enfoques objetivo y subjetivo del concepto de informaci{\'o}n},
	Volume = {17},
	Year = {1994}}

@article{belk,
	Author = {Belkin, N.},
	Date-Added = {2019-10-31 17:20:22 +0100},
	Date-Modified = {2019-10-31 17:21:49 +0100},
	Journal = {Journal of Information Science},
	Number = {11},
	Pages = {11-15},
	Read = {1},
	Title = {The cognitive viewpoint in information science.},
	Volume = {16},
	Year = {1990}}

@article{barr1,
	Author = {Barreto, A.},
	Date-Added = {2019-10-31 17:17:48 +0100},
	Date-Modified = {2019-10-31 17:20:05 +0100},
	Journal = {Ci{\^e}ncia da Informa{\c c}{\~a}o},
	Number = {2},
	Pages = {122-127},
	Rating = {5},
	Read = {1},
	Title = {Mudan{\c c}a estrutural no fluxo do conhecimento: a comunica{\c c}{\~a}o electr{\^o}nica},
	Volume = {27},
	Year = {1998}}
